simoncotter@dhcp-172-24-140-67.eduroam.wireless.private.cam.ac.uk.744