@article{el2012bayesian,
  title={Bayesian inference with optimal maps},
  author={El Moselhy, T. and Marzouk, Y.},
  journal={Journal of Computational Physics},
  volume={231},
  number={23},
  pages={7815--7850},
  year={2012},
  publisher={Elsevier}
}



@Article{ChRe2015,
  author = 	 {Y. Chen and S. Reich},
  title = 	 {Data assimilation: a dynamical system perspective},
  journal = 	 {Frontiers in Applied Dynamical Systems},
  year = 	 {to appear}}

@article{rebeschini2013can,
  title={Can local particle filters beat the curse of dimensionality?},
  author={Rebeschini, Patrick and Van Handel, Ramon},
  journal={arXiv preprint arXiv:1301.6585},
  year={2013}
}

@inproceedings{FastEMD,
  title={Fast and robust {Earth} mover's distances},
  author={Pele, O. and Werman, M.},
  booktitle={Computer Vision, 2009 IEEE 12th International Conference on},
  pages={460--467},
  year={2009},
  organization={IEEE}
}

@article{hastings1970monte,
  title={Monte {C}arlo sampling methods using {M}arkov chains and their applications},
  author={Hastings, W.},
  journal={Biometrika},
  volume={57},
  number={1},
  pages={97--109},
  year={1970},
  publisher={Biometrika Trust}
}

@article{cotter2013mcmc,
  title={{MCMC} methods for functions: modifying old algorithms to make them faster},
  author={Cotter, S. and Roberts, G. and Stuart, A. and White, D.},
  journal={Statistical Science},
  volume={28},
  number={3},
  pages={424--446},
  year={2013},
  publisher={Institute of Mathematical Statistics}
}

@article{stuart2010inverse,
  title={Inverse problems: a {B}ayesian perspective},
  author={Stuart, A.},
  journal={Acta Numerica},
  volume={19},
  pages={451--559},
  year={2010},
  publisher={Cambridge Univ Press}
}

@article{cotter2009bayesian,
  title={Bayesian inverse problems for functions and applications to fluid mechanics},
  author={Cotter, S. and Dashti, M. and Robinson, J. and Stuart, A.},
  journal={Inverse Problems},
  volume={25},
  number={11},
  pages={115008},
  year={2009},
  publisher={IOP Publishing}
}

@inproceedings{gordon1993novel,
  title={Novel approach to nonlinear/non-{G}aussian {B}ayesian state estimation},
  author={Gordon, N. and Salmond, D. and Smith, A.},
  booktitle={IEE Proceedings F (Radar and Signal Processing)},
  volume={140},
  number={2},
  pages={107--113},
  year={1993},
  organization={IET}
}

@article{kalman1960new,
  title={A new approach to linear filtering and prediction problems},
  author={Kalman, R.},
  journal={Journal of Fluids Engineering},
  volume={82},
  number={1},
  pages={35--45},
  year={1960},
  publisher={American Society of Mechanical Engineers}
}

@article{evensen1994sequential,
  title={Sequential data assimilation with a nonlinear quasi-geostrophic model using {Monte Carlo} methods to forecast error statistics},
  author={Evensen, G.},
  journal={Journal of Geophysical Research: Oceans (1978--2012)},
  volume={99},
  number={C5},
  pages={10143--10162},
  year={1994},
  publisher={Wiley Online Library}
}

@article{reich2013nonparametric,
  title={A nonparametric ensemble transform method for {B}ayesian inference},
  author={Reich, S.},
  journal={SIAM Journal on Scientific Computing},
  volume={35},
  number={4},
  pages={A2013--A2024},
  year={2013},
  publisher={SIAM}
}

@article{roberts2001optimal,
  title={Optimal scaling for various {M}etropolis-{H}astings algorithms},
  author={Roberts, G. and Rosenthal, J.},
  journal={Statistical science},
  volume={16},
  number={4},
  pages={351--367},
  year={2001},
  publisher={Institute of Mathematical Statistics}
}

@article{gelman1992inference,
	ajournal = "Statist. Sci.",
	author = "Gelman, A. and Rubin, D. B.",
	doi = "10.1214/ss/1177011136",
	journal = "Statistical Science",
	number = "4",
	pages = "457--472",
	publisher = "The Institute of Mathematical Statistics",
	title = "{Inference from Iterative Simulation Using Multiple Sequences}",
	url = "http://dx.doi.org/10.1214/ss/1177011136",
	volume = "7",
	year = "1992"
}

@article{ji2013adaptive,
	author = {Ji, C. and Schmidler, S. C.},
	title = {Adaptive {M}arkov {C}hain {M}onte {C}arlo for {B}ayesian {V}ariable {S}election},
	journal = {Journal of Computational and Graphical Statistics},
	volume = {22},
	number = {3},
	pages = {708-728},
	year = {2013},
	doi = {10.1080/10618600.2013.819178},
	URL = {http://dx.doi.org/10.1080/10618600.2013.819178},
	eprint = { http://dx.doi.org/10.1080/10618600.2013.819178}
}

@article{lan2013wormhole,
	author = {Lan, S. and Streets, J. and Shahbaba, B.},
	title = "{Wormhole Hamiltonian Monte Carlo}",
	journal = {ArXiv e-prints},
	archivePrefix = "arXiv",
	eprint = {1306.0063},
	primaryClass = "stat.CO",
	keywords = {Statistics - Computation},
	year = 2013,
	month = may,
	adsurl = {http://adsabs.harvard.edu/abs/2013arXiv1306.0063L},
	adsnote = {Provided by the SAO/NASA Astrophysics Data System}
}

@book{nummelin1984general,
	author = "Nummelin, E.",
	title = "{General Irreducible Markov Chains and Non-Negative Operators}", 
	publisher = {Cambridge University Press}, 
	year = {1984},
	isbn = {9780511526237}, 
	note = {Cambridge Books Online}, 
	url = {http://dx.doi.org/10.1017/CBO9780511526237}
}

@book{mcbook2013preprint,
	author = {Owen, A. B.},
	year = 2013,
	title = "{Monte Carlo theory, methods and examples}"
}

@article{roberts1998optimal,
	title={Optimal scaling of discrete approximations to {Langevin} diffusions},
	author={Roberts, G. and Rosenthal, J.},
	journal={Journal of the Royal Statistical Society: Series B (Statistical Methodology)},
	volume={60},
	number={1},
	pages={255--268},
	year={1998},
	publisher={Blackwell Publishers Ltd.}
}

@article{roberts2007coupling,
	title = "{Coupling and ergodicity of adaptive Markov chain Monte Carlo algorithms}",
	author = {Roberts, G. and Rosenthal, J.},
	journal = {Journal of Applied Probability},
	volume = {44},
	doi = "10.1239/jap/1183667414",
	number = "2",
	pages = "458--475",
	publisher = "Applied Probability Trust",
	url = "http://dx.doi.org/10.1239/jap/1183667414",
	year = "2007"
}

@article{roberts2009examples,
	title="{Examples of adaptive MCMC}",
	author={Roberts, G. and Rosenthal, J.},
	journal={Journal of Computational and Graphical Statistics},
	volume={18},
	number={2},
	pages={349--367},
	year={2009},
	publisher={Taylor \& Francis}
}

@book{villani2003topics,
  title="{Topics in Optimal Transportation}",
  author={Villani, C.},
  isbn={9780821833124},
  lccn={2003040350},
  series={Graduate studies in mathematics},
  url={http://books.google.co.uk/books?id=idyFAwAAQBAJ},
  year={2003},
  publisher={American Mathematical Society}
}

@book{villani2008optimal,
  title={Optimal Transport: Old and New},
  author={Villani, C.},
  isbn={9783540710509},
  series={Grundlehren der mathematischen Wissenschaften},
  url={https://books.google.co.uk/books?id=hV8o5R7\_5tkC},
  year={2008},
  publisher={Springer Berlin Heidelberg}
}

@incollection{cotter2012ensemble,
  title={Ensemble filter techniques for intermittent data assimilation-a survey},
  author={Cotter, C. and Reich, S.},
  booktitle={Large Scale Inverse Problems. Computational Methods and Applications in the Earth Sciences},
  pages={91--134},
  year={2012},
  publisher={Walter de Gruyter, Berlin}
}

@book{silverman1986density,
  title="{Density Estimation for Statistics and Data Analysis}",
  author={Silverman, B.},
  isbn={9780412246203},
  lccn={86021347},
  series={Chapman \& Hall/CRC Monographs on Statistics \& Applied Probability},
  url={http://books.google.co.uk/books?id=e-xsrjsL7WkC},
  year={1986},
  publisher={Taylor \& Francis}
}

ï»¿@article{snyder2008obstacles,
	author="Snyder, C. and Bengtsson, T. and Bickel, P. and Anderson, J.",
	title="{Obstacles to High-Dimensional Particle Filtering}",
	journal="Monthly Weather Review",
	year="2008",
	month="Dec",
	day="01",
	publisher="American Meteorological Society",
	volume="136",
	number="12",
	pages="4629--4640",
	issn="0027-0644",
	doi="10.1175/2008MWR2529.1",
	url="http://dx.doi.org/10.1175/2008MWR2529.1"
}

@article{sexton1992hamiltonian,
  title={Hamiltonian evolution for the hybrid Monte Carlo algorithm},
  author={Sexton, J. and Weingarten, D.},
  journal={Nuclear Physics B},
  volume={380},
  number={3},
  pages={665--677},
  year={1992},
  publisher={Elsevier}
}

@article{beskos2011hybrid,
  title={Hybrid monte carlo on hilbert spaces},
  author={Beskos, A. and Pinski, F. and Sanz-Serna, J. and Stuart, A.},
  journal={Stochastic Processes and their Applications},
  volume={121},
  number={10},
  pages={2201--2230},
  year={2011},
  publisher={Elsevier}
}

@article{girolami2011riemann,
  title={Riemann manifold langevin and hamiltonian monte carlo methods},
  author={Girolami, M. and Calderhead, B.},
  journal={Journal of the Royal Statistical Society: Series B (Statistical Methodology)},
  volume={73},
  number={2},
  pages={123--214},
  year={2011},
  publisher={Wiley Online Library}
}

@article{bui2014solving,
  title={Solving large-scale PDE-constrained Bayesian inverse problems with Riemann manifold Hamiltonian Monte Carlo},
  author={Bui-Thanh, T. and Girolami, M.},
  journal={Inverse Problems},
  volume={30},
  number={11},
  pages={114014},
  year={2014},
  publisher={IOP Publishing}
}

@article{liu2000multiple,
  title={The multiple-try method and local optimization in Metropolis sampling},
  author={Liu, J. and Liang, F. and Wong, W.},
  journal={Journal of the American Statistical Association},
  volume={95},
  number={449},
  pages={121--134},
  year={2000},
  publisher={Taylor \& Francis}
}

@article{neal2011mcmc,
  title={MCMC using ensembles of states for problems with fast and slow variables such as Gaussian process regression},
  author={Neal, R.},
  journal={arXiv preprint arXiv:1101.0387},
  year={2011}
}


@article{moore1998cramming,
  title={Cramming more components onto integrated circuits},
  author={Moore, G. and others},
  journal={Proceedings of the IEEE},
  volume={86},
  number={1},
  pages={82--85},
  year={1998}
}

@article{calderhead2014general,
  title={A general construction for parallelizing Metropolis- Hastings algorithms},
  author={Calderhead, B.},
  journal={Proceedings of the National Academy of Sciences},
  volume={111},
  number={49},
  pages={17408--17413},
  year={2014},
  publisher={National Acad Sciences}
}

@article{moler1986matrix,
  title={Matrix computation on distributed memory multiprocessors},
  author={Moler, Cleve},
  journal={Hypercube Multiprocessors},
  volume={86},
  pages={181--195},
  year={1986}
}

@PhdThesis{Paul,
  author = 	 {Russell, P.},
  title = 	 {PhD Thesis},
  school = 	 {School of Mathematics, University of Manchester},
  year = 	 2017}

@article{schefzik2013uncertainty,
  title={Uncertainty quantification in complex simulation models using ensemble copula coupling},
  author={Schefzik, Roman and Thorarinsdottir, Thordis L and Gneiting, Tilmann and others},
  journal={Statistical Science},
  volume={28},
  number={4},
  pages={616--640},
  year={2013},
  publisher={Institute of Mathematical Statistics}
}
@article{rosenthal2011optimal,
  title="{Optimal proposal distributions and adaptive MCMC}",
  author={Rosenthal, J.},
  journal={Handbook of Markov Chain Monte Carlo},
  pages={93--112},
  year={2011},
  publisher={CRC Press, Boca Raton, FL}
}


@article{celeux2006iterated,
  title={Iterated importance sampling in missing data problems},
  author={Celeux, Gilles and Marin, Jean-Michel and Robert, Christian P},
  journal={Computational statistics \& data analysis},
  volume={50},
  number={12},
  pages={3386--3404},
  year={2006},
  publisher={Elsevier}
}
@article{cappepopulation,
  title={Population Monte Carlo for ion channel restoration},
  author={Capp\'e, Olivier and Guillin, Arnaud and Marin, Jean--Michel and RobertÐ½Ð¾, Christian P},
  publisher={Citeseer}
}
@article{isard1998condensation,
  title={Condensationâconditional density propagation for visual tracking},
  author={Isard, Michael and Blake, Andrew},
  journal={International journal of computer vision},
  volume={29},
  number={1},
  pages={5--28},
  year={1998},
  publisher={Springer}
}
@article{bink2008bayesian,
  title={Bayesian analysis of complex traits in pedigreed plant populations},
  author={Bink, MCAM and Boer, MP and Ter Braak, CJF and Jansen, J and Voorrips, RE and Van de Weg, WE},
  journal={Euphytica},
  volume={161},
  number={1-2},
  pages={85--96},
  year={2008},
  publisher={Springer}
}
@book{liu2008monte,
  title={Monte Carlo strategies in scientific computing},
  author={Liu, Jun S},
  year={2008},
  publisher={Springer Science \& Business Media}
}
@article{douc2007convergence,
  title={Convergence of adaptive mixtures of importance sampling schemes},
  author={Douc, Randal and Guillin, Arnaud and Marin, J-M and Robert, Christian P and others},
  journal={The Annals of Statistics},
  volume={35},
  number={1},
  pages={420--448},
  year={2007},
  publisher={Institute of Mathematical Statistics}
}
@article{martino2015adaptive,
  title={An adaptive population importance sampler: Learning from uncertainty},
  author={Martino, Luca and Elvira, Victor and Luengo, David and Corander, Jukka},
  journal={IEEE Transactions on Signal Processing},
  volume={63},
  number={16},
  pages={4422--4437},
  year={2015},
  publisher={IEEE}
}
@book{robert2013monte,
  title={Monte Carlo statistical methods},
  author={Robert, Christian and Casella, George},
  year={2013},
  publisher={Springer Science \& Business Media}
}
@article{cappe2012population,
  title={Population monte carlo},
  author={Capp{\'e}, Olivier and Guillin, Arnaud and Marin, Jean-Michel and Robert, Christian P},
  journal={Journal of Computational and Graphical Statistics},
  year={2012},
  publisher={Taylor \& Francis}
}
@article{cornuet2012adaptive,
  title={Adaptive multiple importance sampling},
  author={Cornuet, Jean and MARIN, JEAN-MICHEL and Mira, Antonietta and Robert, Christian P},
  journal={Scandinavian Journal of Statistics},
  volume={39},
  number={4},
  pages={798--812},
  year={2012},
  publisher={Wiley Online Library}
}
@article{owen2000safe,
  title={Safe and effective importance sampling},
  author={Owen, Art and Zhou, Yi},
  journal={Journal of the American Statistical Association},
  volume={95},
  number={449},
  pages={135--143},
  year={2000},
  publisher={Taylor \& Francis Group}
}
@inproceedings{veach1995optimally,
  title={Optimally combining sampling techniques for Monte Carlo rendering},
  author={Veach, Eric and Guibas, Leonidas J},
  booktitle={Proceedings of the 22nd annual conference on Computer graphics and interactive techniques},
  pages={419--428},
  year={1995},
  organization={ACM}
}
@article{siren2011reconstructing,
  title={Reconstructing population histories from single nucleotide polymorphism data},
  author={Sir{\'e}n, Jukka and Marttinen, Pekka and Corander, Jukka},
  journal={Molecular biology and evolution},
  volume={28},
  number={1},
  pages={673--683},
  year={2011},
  publisher={SMBE}
}
@article{bugallo2015adaptive,
  title={Adaptive importance sampling in signal processing},
  author={Bugallo, M{\'o}nica F and Martino, Luca and Corander, Jukka},
  journal={Digital Signal Processing},
  volume={47},
  pages={36--49},
  year={2015},
  publisher={Elsevier}
}
@article{marin2012consistency,
  title={Consistency of the adaptive multiple importance sampling},
  author={Marin, Jean-michel and Pudlo, Pierre and Sedki, Mohammed},
  journal={arXiv preprint arXiv:1211.2548},
  year={2012}
}
